@Article{citeDeclareDesign,
    title = {Declaring and Diagnosing Research Designs},
    author = {Graeme Blair and Jasper Cooper and Alexander Coppock and Macartan Humphreys},
    journal = {American Political Science Review},
    volume = {113},
    issue = {3},
    pages = {838-859},
    year = {2019},
    url = {https://declaredesign.org/paper.pdf},
  }

@Misc{lumleyone,
    author = {Thomas Lumley},
    year = {2020},
    title = {survey: analysis of complex survey samples},
    note = {R package version 4.0},
  }

@Article{lumleytwo,
    year = {2004},
    author = {Thomas Lumley},
    title = {Analysis of Complex Survey Samples},
    journal = {Journal of Statistical Software},
    volume = {9},
    number = {1},
    pages = {1-19},
    note = {R package verson 2.2},
  }

@Book{lumleythree,
    year = {2010},
    author = {Thomas Lumley},
    title = {Complex Surveys: A Guide to Analysis Using R: A Guide to Analysis Using R},
    publisher = {John Wiley and Sons},
  }
