

@Book{citeggplot,
    author = {Hadley Wickham},
    title = {ggplot2: Elegant Graphics for Data Analysis},
    publisher = {Springer-Verlag New York},
    year = {2016},
    isbn = {978-3-319-24277-4},
    url = {https://ggplot2.tidyverse.org},
  }

@Manual{citehaven,
    title = {haven: Import and Export 'SPSS', 'Stata' and 'SAS' Files},
    author = {Hadley Wickham and Evan Miller},
    year = {2021},
    note = {R package version 2.4.3},
    url = {https://CRAN.R-project.org/package=haven},
  }

@misc{gelman2020bayesian,
      title={Bayesian Workflow},
      author={Andrew Gelman and Aki Vehtari and Daniel Simpson and Charles C. Margossian and Bob Carpenter and Yuling Yao and Lauren Kennedy and Jonah Gabry and Paul-Christian Bürkner and Martin Modrák},
      year={2020},
      eprint={2011.01808},
      archivePrefix={arXiv},
      primaryClass={stat.ME}
}

 @Manual{citereadr,
    title = {readr: Read Rectangular Text Data},
    author = {Hadley Wickham and Jim Hester},
    year = {2021},
    note = {R package version 2.0.2},
    url = {https://CRAN.R-project.org/package=readr},
  }

 @Manual{citedplyr,
    title = {dplyr: A Grammar of Data Manipulation},
    author = {Hadley Wickham and Romain François and Lionel Henry and Kirill Müller},
    year = {2021},
    note = {R package version 1.0.7},
    url = {https://CRAN.R-project.org/package=dplyr},
  }


@Manual{citesrvyr,
    title = {srvyr: 'dplyr'-Like Syntax for Summary Statistics of Survey Data},
    author = {Greg {Freedman Ellis} and Ben Schneider},
    year = {2021},
    note = {R package version 1.1.0},
    url = {https://CRAN.R-project.org/package=srvyr},
  }


@article{wang2015forecasting,
  title={Forecasting elections with non-representative polls},
  author={Wang, Wei and Rothschild, David and Goel, Sharad and Gelman, Andrew},
  journal={International Journal of Forecasting},
  volume={31},
  number={3},
  pages={980--991},
  year={2015},
  publisher={Elsevier}
}

 @Article{citebrms,
    title = {{brms}: An {R} Package for {Bayesian} Multilevel Models Using {Stan}},
    author = {Paul-Christian Bürkner},
    journal = {Journal of Statistical Software},
    year = {2017},
    volume = {80},
    number = {1},
    pages = {1--28},
    doi = {10.18637/jss.v080.i01},
    encoding = {UTF-8},
  }


@Article{citelme4,
    title = {Fitting Linear Mixed-Effects Models Using {lme4}},
    author = {Douglas Bates and Martin M{\"a}chler and Ben Bolker and Steve Walker},
    journal = {Journal of Statistical Software},
    year = {2015},
    volume = {67},
    number = {1},
    pages = {1--48},
    doi = {10.18637/jss.v067.i01},
  }

 @Misc{citestanarm,
    title = {rstanarm: {Bayesian} applied regression modeling via {Stan}.},
    author = {Ben Goodrich and Jonah Gabry and Imad Ali and Sam Brilleman},
    note = {R package version 2.21.1},
    year = {2020},
    url = {https://mc-stan.org/rstanarm},
  }

@Manual{citer,
    title = {R: A Language and Environment for Statistical Computing},
    author = {{R Core Team}},
    organization = {R Foundation for Statistical Computing},
    address = {Vienna, Austria},
    year = {2020},
    url = {https://www.R-project.org/},
  }

@Article{citetidyverse,
    title = {Welcome to the {tidyverse}},
    author = {Hadley Wickham and Mara Averick and Jennifer Bryan and Winston Chang and Lucy D'Agostino McGowan and Romain François and Garrett Grolemund and Alex Hayes and Lionel Henry and Jim Hester and Max Kuhn and Thomas Lin Pedersen and Evan Miller and Stephan Milton Bache and Kirill Müller and Jeroen Ooms and David Robinson and Dana Paige Seidel and Vitalie Spinu and Kohske Takahashi and Davis Vaughan and Claus Wilke and Kara Woo and Hiroaki Yutani},
    year = {2019},
    journal = {Journal of Open Source Software},
    volume = {4},
    number = {43},
    pages = {1686},
    doi = {10.21105/joss.01686},
  }

@Misc{shirospackage,
    author = {Shiro Kuriwaki},
    year = {2020},
    title = {ccesMRPprep: Functions and Data to Prepare CCES data for MRP},
    note = {R package version 0.1.10},
  }

@Misc{jospackage,
    author = {Joe Kroese},
    year = {2021},
    title = {tidymrp: Tidy multilevel regression and poststratification (MRP)},
    note = {R package version 0.0.1},
  }


@Article{citeDeclareDesign,
    title = {Declaring and Diagnosing Research Designs},
    author = {Graeme Blair and Jasper Cooper and Alexander Coppock and Macartan Humphreys},
    journal = {American Political Science Review},
    volume = {113},
    issue = {3},
    pages = {838-859},
    year = {2019},
    url = {https://declaredesign.org/paper.pdf},
  }

@Misc{lumleyone,
    author = {Thomas Lumley},
    year = {2020},
    title = {survey: analysis of complex survey samples},
    note = {R package version 4.0},
  }

@Article{lumleytwo,
    year = {2004},
    author = {Thomas Lumley},
    title = {Analysis of Complex Survey Samples},
    journal = {Journal of Statistical Software},
    volume = {9},
    number = {1},
    pages = {1-19},
    note = {R package verson 2.2},
  }

@Book{lumleythree,
    year = {2010},
    author = {Thomas Lumley},
    title = {Complex Surveys: A Guide to Analysis Using R: A Guide to Analysis Using R},
    publisher = {John Wiley and Sons},
  }

@MISC{Gelman97poststratificationinto,
    author = {Andrew Gelman and Thomas C. Little},
    title = {Poststratification Into Many Categories Using Hierarchical Logistic Regression},
    year = {1997}
}

@article{park2004bayesian,
  title={Bayesian multilevel estimation with poststratification: State-level estimates from national polls},
  author={Park, David K and Gelman, Andrew and Bafumi, Joseph},
  journal={Political Analysis},
  pages={375--385},
  year={2004},
  publisher={JSTOR}
}

@article{lax2009should,
  title={How should we estimate public opinion in the states?},
  author={Lax, Jeffrey R and Phillips, Justin H},
  journal={American Journal of Political Science},
  volume={53},
  number={1},
  pages={107--121},
  year={2009},
  publisher={Wiley Online Library}
}

@article{gao2021improving,
  title={Improving multilevel regression and poststratification with structured priors},
  author={Gao, Yuxiang and Kennedy, Lauren and Simpson, Daniel and Gelman, Andrew and others},
  journal={Bayesian Analysis},
  year={2021},
  publisher={International Society for Bayesian Analysis}
}

@article{ornstein2020stacked,
  title={Stacked regression and poststratification},
  author={Ornstein, Joseph T},
  journal={Political Analysis},
  volume={28},
  number={2},
  pages={293--301},
  year={2020},
  publisher={Cambridge University Press}
}

@article{bisbee2019barp,
  title={Barp: Improving mister p using bayesian additive regression trees},
  author={Bisbee, James},
  journal={American Political Science Review},
  volume={113},
  number={4},
  pages={1060--1065},
  year={2019},
  publisher={Cambridge University Press}
}

@article{broniecki2021automrp,
  title={autoMrP: Multilevel Models and Post-Stratification (MrP) Combined with Machine Learning in R.”},
  author={Broniecki, Philipp and Leemann, Lucas and W{\"u}est, Reto},
  issue = {Journal of Politics (FORTHCOMING)}
  year={2021}
}
